@misc{eshohet,
  author = {Elliot Shohet, Michael Mathew, Grigor Ambartsumyan, Anmol Singh, Ibrahim Ahmed, Tuan Vu, Haoyao Chen, Inka Arifin, Guranjan Singh, Ronil Singh, Masayuki Takagi, Ahsan Abdullah},
  title = {Reinforcement Learning Applied to Doodle Jump},
  year = {2015},
  publisher = {GitHub},
  journal = {GitHub repository},
  howpublished = {\url{https://github.com/eshohet/doodle-jump-machine-learning}},
  commit = {504d355dc6013dc06461060b6fb2988c5411ca1f}
}